<?xml version="1.0" encoding="UTF-8"?><collection xmlns="http://www.loc.gov/MARC21/slim"><record><leader>00376nam--2200133-i-4500</leader><controlfield tag="001">000025016</controlfield><controlfield tag="002">20161230</controlfield><controlfield tag="005">20161230201035</controlfield><controlfield tag="008">060222s1000------------r-----000-0-eng-d</controlfield><datafield ind1=" " ind2=" " tag="080"><subfield code="a">573</subfield></datafield><datafield ind1=" " ind2=" " tag="100"><subfield code="a">Eigen, M., Schuster, P</subfield></datafield><datafield ind1=" " ind2=" " tag="245"><subfield code="a">The hypercycle.a principle of natural self- organization.with 64 figures</subfield></datafield><datafield ind1=" " ind2=" " tag="260"><subfield code="a">Berlin, Springer-verlag, 1979.Vii + 92 P</subfield></datafield><datafield ind1=" " ind2=" " tag="852"><subfield code="a">46909</subfield></datafield></record></collection>